
@inproceedings{mei2006energy,
  author={Yongguo Mei and Yung-Hsiang Lu and Lee, C.S.G. and Hu, Y.C.},
  booktitle={International Conference on Robotics and Automation (ICRA'06)}, 
  title={Energy-efficient mobile robot exploration}, 
  year={2006},
  pages={505--511},
  doi={10.1109/ROBOT.2006.1641761},
  organization={IEEE}
}

@article{rubio2019review,
    autho = {Francisco Rubio and Francisco Valero and Carlos Llopis-Albert},
    title={A review of mobile robots: Concepts, methods, theoretical framework, and applications},
    journal={International Journal of Advanced Robotic Systems},
    volume={16},
    number={2},
    pages={22},
    year={2019},
    doi={10.1177/1729881419839596}
}

@article{alatise2020review,
  author={Alatise, Mary B. and Hancke, Gerhard P.},
  journal={IEEE Access}, 
  title={A review on challenges of autonomous mobile Robot and sensor fusion methods}, 
  year={2020},
  volume={8},
  pages={39830--39846},
  doi={10.1109/ACCESS.2020.2975643}
}

@article{takahiro2022legged,
    author={Takahiro Miki and Joonho Lee and Jemin Hwangbo and Lorenz Wellhausen and Vladlen Koltun and Marco Hutter},
    title={Learning robust perceptive locomotion for quadrupedal robots in the wild},
    journal={Science Robotics},
    volume={7},
    number={62},
    pages={14},
    year={2022},
    doi={10.1126/scirobotics.abk2822}
}

@inproceedings{kohlbrecher2014hector,
    author={Kohlbrecher, Stefan and Meyer, Johannes and Graber, Thorsten and Petersen, Karen and Klingauf, Uwe and von Stryk, Oskar},
    title={Hector open source modules for autonomous mapping and navigation with rescue robots},
    booktitle={RoboCup 2013: Robot World Cup XVII},
    publisher={Springer},
    pages={624--631},
    doi={10.1007/978-3-662-44468-9_58}
}

@inproceedings{kulkarni2022autonomous,
  author={Kulkarni, Mihir and Dharmadhikari, Mihir and Tranzatto, Marco and Zimmermann, Samuel and Reijgwart, Victor and De Petris, Paolo and Nguyen, Huan and Khedekar, Nikhil and Papachristos, Christos and Ott, Lionel and Siegwart, Roland and Hutter, Marco and Alexis, Kostas},
  booktitle={International Conference on Robotics and Automation (ICRA'22)}, 
  title={Autonomous teamed exploration of subterranean environments using legged and aerial robots}, 
  year={2022},
  pages={3306--3313},
  doi={10.1109/ICRA46639.2022.9812401},
  organization={IEEE}
}

@article{tranzatto2022cerberus,
  journal={Field Robotics},
  pages={274--324},
  publisher={Field Robotics Publication Society},
  title = {{CERBERUS: A}utonomous legged and aerial robotic exploration in the tunnel and urban circuits of the {DARPA S}ubterranean {C}hallenge},
  volume = {2},
  author = {Tranzatto, M and Mascarich, F and Bernreiter, L and Godinho, C and Camurri, M and Khattak, S and Dang, T and Reijgwart, V and LÃ¶je, J and Wisth, D and Zimmermann, S and Nguyen, H and Fehr, M and Solanka, L and Buchanan, R and Bjelonic, M and Khedekar, N and Valceschini, M and Jenelten, F and Dharmadhikari, M and Homberger, T and De Petris, P and Wellhausen, L and Kulkarni, M and Miki, T and Hirsch, S and Montenegro, M and Papachristos, C and Tresoldi, F and Carius, J and Valsecchi, G and Lee, J and Meyer, K and Wu, X and Nieto, J and Smith, A and Hutter, M and Siegwart, R and Mueller, M and Fallon, M and Alexis, K},
  year = {2022},
  organization={IEEE}
}

@inproceedings{shrestha2019learned,
  author={Shrestha, Rakesh and Tian, Fei-Peng and Feng, Wei and Tan, Ping and Vaughan, Richard},
  booktitle={International Conference on Robotics and Automation (ICRA'19)}, 
  title={Learned Map Prediction for Enhanced Mobile Robot Exploration}, 
  year={2019},
  pages={1197--1204},
  doi={10.1109/ICRA.2019.8793769},
  organization={IEEE}
}

@article{kim2022autonomous,
  author={Kim, Hyungseok and Kim, Hyeongjin and Lee, Seonil and Lee, Hyeonbeom},
  journal={IEEE Robotics and Automation Letters}, 
  title={Autonomous Exploration in a Cluttered Environment for a Mobile Robot With 2D-Map Segmentation and Object Detection}, 
  year={2022},
  volume={7},
  number={3},
  pages={6343--6350},
  doi={10.1109/LRA.2022.3171069}
}


@Article{lluvia2021active,
  author={Lluvia, Iker and Lazkano, Elena and Ansuategi, Ander},
  title={Active mapping and robot exploration: A survey},
  journal={Sensors},
  volume={21},
  year={2021},
  number={7},
  DOI = {10.3390/s21072445}
}

@article{placed2022survey,
  title={A survey on active simultaneous localization and mapping: State of the art and new frontiers},
  author={Placed, Julio A and Strader, Jared and Carrillo, Henry and Atanasov, Nikolay and Indelman, Vadim and Carlone, Luca and Castellanos, Jos{\'e} A},
  journal={IEEE Transactions on Robotics},
  url={https://doi.org/10.48550/arXiv.2207.00254},
  doi={10.48550/arXiv.2207.00254},
  pages={20},
  year={2023}
}






